<collection xmlns="http://www.loc.gov/MARC21/slim">
<record>
  <leader>01198nam0a2200277 i 450 </leader>
  <controlfield tag="001">IT\ICCU\CNCE\007040</controlfield>
  <controlfield tag="005">19970101000000.0</controlfield>
  <datafield tag="012" ind1=" " ind2=" ">
    <subfield code="a">++++ t.*. ancu nivo (C) 1517 (R)</subfield>
    <subfield code="2">fei</subfield>
  </datafield>
  <datafield tag="100" ind1=" " ind2=" ">
    <subfield code="a">19970101d1517        0itac0103    ba</subfield>
  </datafield>
  <datafield tag="101" ind1=" " ind2=" ">
    <subfield code="a">LAT</subfield>
  </datafield>
  <datafield tag="102" ind1=" " ind2=" ">
    <subfield code="a">IT</subfield>
  </datafield>
  <datafield tag="200" ind1="1" ind2=" ">
    <subfield code="a">De discipulorum preceptorumque moribus</subfield>
  </datafield>
  <datafield tag="210" ind1=" " ind2=" ">
    <subfield code="a">Mediolani</subfield>
    <subfield code="c">per Iacobum de Rixis</subfield>
    <subfield code="d">1517</subfield>
  </datafield>
  <datafield tag="215" ind1=" " ind2=" ">
    <subfield code="a">\16! c.</subfield>
    <subfield code="d">4ʻ</subfield>
  </datafield>
  <datafield tag="620" ind1=" " ind2=" ">
    <subfield code="a">IT</subfield>
    <subfield code="d">Milano</subfield>
  </datafield>
  <datafield tag="700" ind1=" " ind2="0">
    <subfield code="a">Bonvesin</subfield>
    <subfield code="c"> : de#la Riva</subfield>
    <subfield code="3">IT\ICCU\CNCA\001891</subfield>
  </datafield>
  <datafield tag="712" ind1="0" ind2="0">
    <subfield code="a">Risi, Giovanni Giacomo</subfield>
    <subfield code="3">IT\ICCU\CNCT\001136</subfield>
    <subfield code="4">650</subfield>
  </datafield>
  <datafield tag="790" ind1=" " ind2="0">
    <subfield code="a">Bonuicinus</subfield>
    <subfield code="c"> : de#Ripa</subfield>
    <subfield code="3">IT\ICCU\CNCA\012813</subfield>
    <subfield code="z">Bonvesin : de#la Riva</subfield>
  </datafield>
  <datafield tag="790" ind1=" " ind2="1">
    <subfield code="a">Riva,</subfield>
    <subfield code="b">Bonvesin : da</subfield>
    <subfield code="3">IT\ICCU\CNCA\012814</subfield>
    <subfield code="z">Bonvesin : de#la Riva</subfield>
  </datafield>
  <datafield tag="791" ind1="0" ind2="0">
    <subfield code="a">Rixis, Iacobus de</subfield>
    <subfield code="3">IT\ICCU\CNCT\002562</subfield>
    <subfield code="z">Risi, Giovanni Giacomo</subfield>
  </datafield>
  <datafield tag="791" ind1="0" ind2="0">
    <subfield code="a">Rizzi, Giovanni Giacomo</subfield>
    <subfield code="3">IT\ICCU\CNCT\002563</subfield>
    <subfield code="z">Risi, Giovanni Giacomo</subfield>
  </datafield>
  <datafield tag="791" ind1="0" ind2="0">
    <subfield code="a">Ricci, Giovanni Giacomo</subfield>
    <subfield code="3">IT\ICCU\CNCT\004070</subfield>
    <subfield code="z">Risi, Giovanni Giacomo</subfield>
  </datafield>
  <datafield tag="791" ind1="0" ind2="0">
    <subfield code="a">Rixi, Ioan. Iacobo</subfield>
    <subfield code="3">IT\ICCU\CNCT\005380</subfield>
    <subfield code="z">Risi, Giovanni Giacomo</subfield>
  </datafield>
  <datafield tag="791" ind1="0" ind2="0">
    <subfield code="a">Risius, Joannes Jacobus</subfield>
    <subfield code="3">IT\ICCU\CNCT\005381</subfield>
    <subfield code="z">Risi, Giovanni Giacomo</subfield>
  </datafield>
  <datafield tag="801" ind1=" " ind2="3">
    <subfield code="a">IT</subfield>
    <subfield code="b">ICCU</subfield>
    <subfield code="c">20201113</subfield>
  </datafield>
  <datafield tag="899" ind1=" " ind2=" ">
    <subfield code="a">Biblioteca Ambrosiana. Milano</subfield>
    <subfield code="1">MI0133</subfield>
    <subfield code="2">VBA 01</subfield>
  </datafield>
</record>
</collection>
